@article{zenai2025,
    title={Zen AI: Building Efficient AI for Everyone},
    author={Hanzo AI and Zoo Labs Foundation},
    journal={arXiv preprint},
    year={2025}
}
