@misc{upstream2025,
    title={Qwen3-0.6B},
    author={Upstream Contributors},
    year={2025},
    url={https://github.com/QwenLM/Qwen3}
}

@misc{zenresearch2025,
    title={Zen Research: Open AI Ecosystem},
    author={Zen Research Authors},
    year={2025},
    url={https://github.com/zenlm}
}